<collection xmlns="http://www.loc.gov/MARC21/slim">
<record>
  <leader>04599nam0a2200709 i 450 </leader>
  <controlfield tag="001">IT\ICCU\CNCE\001314</controlfield>
  <controlfield tag="005">20181217000000.0</controlfield>
  <datafield tag="012" ind1=" " ind2=" ">
    <subfield code="a">i.o- I.e. dee. e&apos;Pr (3) 1560 (R)</subfield>
    <subfield code="2">fei</subfield>
  </datafield>
  <datafield tag="100" ind1=" " ind2=" ">
    <subfield code="a">19970101d1560        0itac0103    ba</subfield>
  </datafield>
  <datafield tag="101" ind1=" " ind2=" ">
    <subfield code="a">ITA</subfield>
  </datafield>
  <datafield tag="102" ind1=" " ind2=" ">
    <subfield code="a">IT</subfield>
  </datafield>
  <datafield tag="200" ind1="1" ind2=" ">
    <subfield code="a">Della fabrica del mondo di m. Francesco Alunno da Ferrara, libri X, ne quali si contengono le voci di Dante, del Petrarca, del Boccaccio &amp; d&apos;altri buoni auttori, mediante le quali si possono scriuendo esprimere tutti i concetti dell&apos;huomo di qualunque cosa creata. Di nuouo ristampati, corretti et ampliati di molte uoci latine et volgari del Bembo poste a suoi luoghi. Con vna dichiaratione di piu vocaboli che mancauano nelle altre impressioni, aggiunta a beneficio de gli studiosi della lingua uolgare. Per m. Francesco Sansovino</subfield>
  </datafield>
  <datafield tag="210" ind1=" " ind2=" ">
    <subfield code="a">In Venetia</subfield>
    <subfield code="c">\Francesco Sansovino &amp; C.!</subfield>
    <subfield code="e">In Venetia</subfield>
    <subfield code="g">appresso Francesco Sansouino</subfield>
    <subfield code="h">et compagni</subfield>
    <subfield code="h">1560</subfield>
  </datafield>
  <datafield tag="215" ind1=" " ind2=" ">
    <subfield code="a">\38!, 263, \1! c.</subfield>
    <subfield code="d">fol</subfield>
  </datafield>
  <datafield tag="620" ind1=" " ind2=" ">
    <subfield code="a">IT</subfield>
    <subfield code="d">Venezia</subfield>
  </datafield>
  <datafield tag="700" ind1=" " ind2="1">
    <subfield code="a">Alunno,</subfield>
    <subfield code="b">Francesco</subfield>
    <subfield code="3">IT\ICCU\CNCA\000636</subfield>
  </datafield>
  <datafield tag="702" ind1=" " ind2="1">
    <subfield code="a">Sansovino,</subfield>
    <subfield code="b">Francesco</subfield>
    <subfield code="3">IT\ICCU\CNCA\000140</subfield>
  </datafield>
  <datafield tag="712" ind1="0" ind2="0">
    <subfield code="a">Sansovino, Francesco &amp; C.</subfield>
    <subfield code="3">IT\ICCU\CNCT\002929</subfield>
    <subfield code="4">650</subfield>
  </datafield>
  <datafield tag="790" ind1=" " ind2="1">
    <subfield code="a">Del_Bailo,</subfield>
    <subfield code="b">Francesco</subfield>
    <subfield code="3">IT\ICCU\CNCA\011347</subfield>
    <subfield code="z">Alunno, Francesco</subfield>
  </datafield>
  <datafield tag="790" ind1=" " ind2="1">
    <subfield code="a">Tatti,</subfield>
    <subfield code="b">Giovanni</subfield>
    <subfield code="3">IT\ICCU\CNCA\018531</subfield>
    <subfield code="z">Sansovino, Francesco</subfield>
  </datafield>
  <datafield tag="790" ind1=" " ind2="1">
    <subfield code="a">Guisconi,</subfield>
    <subfield code="b">Anselmo</subfield>
    <subfield code="3">IT\ICCU\CNCA\026417</subfield>
    <subfield code="z">Sansovino, Francesco</subfield>
  </datafield>
  <datafield tag="801" ind1=" " ind2="3">
    <subfield code="a">IT</subfield>
    <subfield code="b">ICCU</subfield>
    <subfield code="c">20201113</subfield>
  </datafield>
  <datafield tag="899" ind1=" " ind2=" ">
    <subfield code="a">Biblioteca del Convento di S. Giuliano. L&apos;Aquila</subfield>
    <subfield code="1">AQ0044</subfield>
    <subfield code="2">ZAQ 02</subfield>
  </datafield>
  <datafield tag="899" ind1=" " ind2=" ">
    <subfield code="a">Biblioteca provinciale Salvatore Tommasi. Bazzano</subfield>
    <subfield code="1">AQ0047</subfield>
    <subfield code="2">ABR PR</subfield>
  </datafield>
  <datafield tag="899" ind1=" " ind2=" ">
    <subfield code="a">Biblioteca del Convento della Verna. Chiusi della Verna</subfield>
    <subfield code="1">AR0029</subfield>
    <subfield code="2">RT1 CB</subfield>
  </datafield>
  <datafield tag="899" ind1=" " ind2=" ">
    <subfield code="a">Biblioteca comunale dell&apos;Archiginnasio. Bologna</subfield>
    <subfield code="1">BO0304</subfield>
    <subfield code="2">UBO GA</subfield>
  </datafield>
  <datafield tag="899" ind1=" " ind2=" ">
    <subfield code="a">Museo Camuno. Breno</subfield>
    <subfield code="1">BS0025</subfield>
    <subfield code="2">ZBS 03</subfield>
  </datafield>
  <datafield tag="899" ind1=" " ind2=" ">
    <subfield code="a">Biblioteca Apostolica Vaticana. Citt ̉del Vaticano</subfield>
    <subfield code="1">EX0001</subfield>
    <subfield code="2">ZCV 01</subfield>
  </datafield>
  <datafield tag="899" ind1=" " ind2=" ">
    <subfield code="a">Biblioteca del Seminario arcivescovile. Ferrara</subfield>
    <subfield code="1">FE0009</subfield>
    <subfield code="2">PBE L8</subfield>
  </datafield>
  <datafield tag="899" ind1=" " ind2=" ">
    <subfield code="a">Biblioteca comunale Ariostea. Ferrara</subfield>
    <subfield code="1">FE0017</subfield>
    <subfield code="2">UFE AR</subfield>
  </datafield>
  <datafield tag="899" ind1=" " ind2=" ">
    <subfield code="a">Biblioteca provinciale dei Cappuccini. Firenze</subfield>
    <subfield code="1">FI0041</subfield>
    <subfield code="2">RT1 PC</subfield>
  </datafield>
  <datafield tag="899" ind1=" " ind2=" ">
    <subfield code="a">Biblioteca nazionale centrale. Firenze</subfield>
    <subfield code="1">FI0098</subfield>
    <subfield code="2">CFI CF</subfield>
  </datafield>
  <datafield tag="899" ind1=" " ind2=" ">
    <subfield code="a">Biblioteca delle Oblate. Firenze</subfield>
    <subfield code="1">FI0104</subfield>
    <subfield code="2">RT1 AA</subfield>
  </datafield>
  <datafield tag="899" ind1=" " ind2=" ">
    <subfield code="a">Biblioteca civica Leonardo Lagorio. Imperia</subfield>
    <subfield code="z">MUTILO</subfield>
    <subfield code="1">IM0019</subfield>
    <subfield code="2">LIG 02</subfield>
  </datafield>
  <datafield tag="899" ind1=" " ind2=" ">
    <subfield code="a">Biblioteca Labronica Francesco Domenico Guerrazzi. Livorno</subfield>
    <subfield code="1">LI0011</subfield>
    <subfield code="2">LIA FA</subfield>
  </datafield>
  <datafield tag="899" ind1=" " ind2=" ">
    <subfield code="a">Biblioteca Ambrosiana. Milano</subfield>
    <subfield code="1">MI0133</subfield>
    <subfield code="2">VBA 01</subfield>
  </datafield>
  <datafield tag="899" ind1=" " ind2=" ">
    <subfield code="a">Biblioteca nazionale Braidense. Milano</subfield>
    <subfield code="1">MI0185</subfield>
    <subfield code="2">MIL NB</subfield>
  </datafield>
  <datafield tag="899" ind1=" " ind2=" ">
    <subfield code="a">Biblioteca di Ateneo dell&apos;Universit ̉cattolica del Sacro Cuore. Milano</subfield>
    <subfield code="z">MUTILO</subfield>
    <subfield code="1">MI0291</subfield>
    <subfield code="2">ZMI 18</subfield>
  </datafield>
  <datafield tag="899" ind1=" " ind2=" ">
    <subfield code="a">Biblioteca comunale Carlo Negroni. Novara</subfield>
    <subfield code="1">NO0054</subfield>
    <subfield code="2">TO0 08</subfield>
  </datafield>
  <datafield tag="899" ind1=" " ind2=" ">
    <subfield code="a">Biblioteca del Seminario teologico filosofico di S. Gaudenzio. Novara</subfield>
    <subfield code="1">NO0064</subfield>
    <subfield code="2">TO0 Y5</subfield>
  </datafield>
  <datafield tag="899" ind1=" " ind2=" ">
    <subfield code="a">Biblioteca comunale Passerini Landi. Piacenza</subfield>
    <subfield code="1">PC0030</subfield>
    <subfield code="2">PIA PL</subfield>
  </datafield>
  <datafield tag="899" ind1=" " ind2=" ">
    <subfield code="a">Biblioteca del Seminario Vescovile della Facolt ̉Teologica del Triveneto dell&apos;Istituto Filosofico Aloisianum. Padova</subfield>
    <subfield code="1">PD0073</subfield>
    <subfield code="2">PUV 01</subfield>
  </datafield>
  <datafield tag="899" ind1=" " ind2=" ">
    <subfield code="a">Biblioteca universitaria. Padova</subfield>
    <subfield code="1">PD0158</subfield>
    <subfield code="2">PUV 00</subfield>
  </datafield>
  <datafield tag="899" ind1=" " ind2=" ">
    <subfield code="a">Biblioteca comunale. Assisi</subfield>
    <subfield code="1">PG0001</subfield>
    <subfield code="2">UM1 10</subfield>
  </datafield>
  <datafield tag="899" ind1=" " ind2=" ">
    <subfield code="a">Biblioteca comunale Giulio Einaudi. Correggio</subfield>
    <subfield code="1">RE0031</subfield>
    <subfield code="2">RE2 13</subfield>
  </datafield>
  <datafield tag="899" ind1=" " ind2=" ">
    <subfield code="a">Biblioteca  Panizzi. Reggio Emilia</subfield>
    <subfield code="1">RE0052</subfield>
    <subfield code="2">RE2 PA</subfield>
  </datafield>
  <datafield tag="899" ind1=" " ind2=" ">
    <subfield code="a">Biblioteca nazionale centrale. Roma</subfield>
    <subfield code="z">MUTILO</subfield>
    <subfield code="1">RM0267</subfield>
    <subfield code="2">BVE CR</subfield>
  </datafield>
  <datafield tag="899" ind1=" " ind2=" ">
    <subfield code="a">Biblioteca Casanatense. Roma</subfield>
    <subfield code="1">RM0313</subfield>
    <subfield code="2">RML 07</subfield>
  </datafield>
  <datafield tag="899" ind1=" " ind2=" ">
    <subfield code="a">Biblioteca della Basilica di S. Paolo. Citt ̉del Vaticano</subfield>
    <subfield code="z">MUTILO</subfield>
    <subfield code="1">RM2022</subfield>
    <subfield code="2">PBEO1</subfield>
  </datafield>
  <datafield tag="899" ind1=" " ind2=" ">
    <subfield code="a">Biblioteca diocesana &quot;Mons. Emilio Biancheri&quot;. Rimini</subfield>
    <subfield code="1">RN0044</subfield>
    <subfield code="2">PBE 30</subfield>
  </datafield>
  <datafield tag="899" ind1=" " ind2=" ">
    <subfield code="a">Biblioteca dell&apos;Accademia dei Concordi. Rovigo</subfield>
    <subfield code="1">RO0049</subfield>
    <subfield code="2">ROV AC</subfield>
  </datafield>
  <datafield tag="899" ind1=" " ind2=" ">
    <subfield code="a">Biblioteca provinciale Melchiorre Delfico. Teramo</subfield>
    <subfield code="1">TE0024</subfield>
    <subfield code="2">ABR R1</subfield>
  </datafield>
  <datafield tag="899" ind1=" " ind2=" ">
    <subfield code="a">Biblioteca civica Girolamo Tartarotti. Rovereto</subfield>
    <subfield code="1">TN0103</subfield>
    <subfield code="2">ZTN 08</subfield>
  </datafield>
  <datafield tag="899" ind1=" " ind2=" ">
    <subfield code="a">Biblioteca civica centrale. Torino</subfield>
    <subfield code="1">TO0240</subfield>
    <subfield code="2">BCT 01</subfield>
  </datafield>
  <datafield tag="899" ind1=" " ind2=" ">
    <subfield code="a">Biblioteca del Centro teologico. Torino</subfield>
    <subfield code="1">TO0249</subfield>
    <subfield code="2">TO0 48</subfield>
  </datafield>
  <datafield tag="899" ind1=" " ind2=" ">
    <subfield code="a">Biblioteca dell&apos;ex Seminario vescovile. Amelia</subfield>
    <subfield code="z">MUTILO</subfield>
    <subfield code="1">TR0037</subfield>
    <subfield code="2">ZTR 06</subfield>
  </datafield>
  <datafield tag="899" ind1=" " ind2=" ">
    <subfield code="a">Biblioteca civica A. Hortis. Trieste</subfield>
    <subfield code="1">TS0013</subfield>
    <subfield code="2">TSA BC</subfield>
  </datafield>
  <datafield tag="899" ind1=" " ind2=" ">
    <subfield code="a">Biblioteca del Seminario vescovile. Treviso</subfield>
    <subfield code="1">TV0113</subfield>
    <subfield code="2">VIA TS</subfield>
  </datafield>
  <datafield tag="899" ind1=" " ind2=" ">
    <subfield code="a">Biblioteca civica. Verona</subfield>
    <subfield code="1">VR0059</subfield>
    <subfield code="2">ZVR 02</subfield>
  </datafield>
  <datafield tag="899" ind1=" " ind2=" ">
    <subfield code="a">Biblioteca diocesana. Viterbo</subfield>
    <subfield code="1">VT0125</subfield>
    <subfield code="2">PBE 68</subfield>
  </datafield>
  <datafield tag="911" ind1=" " ind2=" ">
    <subfield code="a">Sul front.</subfield>
    <subfield code="9">IT\ICCU\CNCM\001259</subfield>
  </datafield>
  <datafield tag="921" ind1=" " ind2=" ">
    <subfield code="a">IT\ICCU\CNCM\001259</subfield>
    <subfield code="b">Luna crescente con le punte in alto. In cornice figurata</subfield>
    <subfield code="e">In dies</subfield>
    <subfield code="c">U249</subfield>
    <subfield code="d">Dimensioni: 8,5 x 10,5</subfield>
    <subfield code="f">LUNA</subfield>
    <subfield code="f">CRESCENTE</subfield>
    <subfield code="g">1560-1576</subfield>
  </datafield>
</record>
</collection>
